<?xml version="1.0" encoding="UTF-8"?><record xmlns="http://www.loc.gov/MARC21/slim" xmlns:cinclude="http://apache.org/cocoon/include/1.0" xmlns:zs="http://www.loc.gov/zing/srw/">
  <leader>00395nz  a2200133n  4500</leader>
  <controlfield tag="001">n  84091055 </controlfield>
  <controlfield tag="003">DLC</controlfield>
  <controlfield tag="005">19840517000000.0</controlfield>
  <controlfield tag="008">840330n| acannaab|          |n aaa |||  </controlfield>
  <datafield tag="010" ind1=" " ind2=" ">
    <subfield code="a">n  84091055 </subfield>
  </datafield>
  <datafield tag="040" ind1=" " ind2=" ">
    <subfield code="a">DLC</subfield>
    <subfield code="c">DLC</subfield>
  </datafield>
  <datafield tag="100" ind1="1" ind2="0">
    <subfield code="a">Kolter, Gerhard,</subfield>
    <subfield code="d">1949-</subfield>
  </datafield>
  <datafield tag="670" ind1=" " ind2=" ">
    <subfield code="a">Paulus, R. Der Lyriker Karl Krolow, 1983:</subfield>
    <subfield code="b">t.p. (Gerhard Kolter)</subfield>
  </datafield>
  <datafield tag="670" ind1=" " ind2=" ">
    <subfield code="a">LC data base, 3/27/84</subfield>
    <subfield code="b">(hdg.: Kolter, Gerhard, 1949- )</subfield>
  </datafield>
</record>